@book{dumascomte,
  title={Le Comte de Monte-Cristo tome 1},
  author={Dumas, Alexandre},
  volume={1},
  year={2011},
  publisher={Le Livre de Poche}
}

@book{Balzacillusions,
  title={Illusions perdues},
  author={De Balzac, Honor{\'e}},
  year={2012},
  publisher={Le livre de poche}
}

@book{hugo1863miserables,
  title={Les mis{\'e}rables},
  author={Hugo, Victor},
  year={1863},
  publisher={A. Larpin}
}

